
% ==================== %
% TUTOR-WEB REFERENCES %
% ==================== %

@article{stefansson2004tutor,
	Author = {Stefansson, Gunnar},
	Date-Added = {2013-10-29 13:02:08 +0000},
	Date-Modified = {2013-10-29 13:02:12 +0000},
	Journal = {Computers \& Education},
	Number = {4},
	Pages = {315--343},
	Publisher = {Elsevier},
	Title = {The tutor-web: An educational system for classroom presentation, evaluation and self-study},
	Volume = {43},
	Year = {2004},
	Bdsk-File-1 = {YnBsaXN0MDDUAQIDBAUGJCVYJHZlcnNpb25YJG9iamVjdHNZJGFyY2hpdmVyVCR0b3ASAAGGoKgHCBMUFRYaIVUkbnVsbNMJCgsMDxJXTlMua2V5c1pOUy5vYmplY3RzViRjbGFzc6INDoACgAOiEBGABIAFgAdccmVsYXRpdmVQYXRoWWFsaWFzRGF0YV8QJC4uL3R1dG9yX3dlYi9zdGVmYW5zc29uMjAwNHR1dG9yLnBkZtIXCxgZV05TLmRhdGFPEQIIAAAAAAIIAAIAAAxNYWNpbnRvc2ggSEQAAAAAAAAAAAAAAAAAAADNZQraSCsAAABIYoQXc3RlZmFuc3NvbjIwMDR0dXRvci5wZGYAAAAAAAAAAAAAAAAAAAAAAAAAAAAAAAAAAAAAAAAAAAAAAAAAAAAAAEhkac6VYe8AAAAAAAAAAAABAAIAAAkgAAAAAAAAAAAAAAAAAAAACXR1dG9yX3dlYgAAEAAIAADNZQraAAAAEQAIAADOlWHvAAAAAQAgAEhihAAGRcAABkW9AAZFswAGRaQABdNWAAXEAQACEOkAAgBpTWFjaW50b3NoIEhEOlVzZXJzOgBjaHJpczoARHJvcGJveDoAaWNlbGFuZDoAaGk6AHJlc2VhcmNoOgBsaXRlcmF0dXJlOgB0dXRvcl93ZWI6AHN0ZWZhbnNzb24yMDA0dHV0b3IucGRmAAAOADAAFwBzAHQAZQBmAGEAbgBzAHMAbwBuADIAMAAwADQAdAB1AHQAbwByAC4AcABkAGYADwAaAAwATQBhAGMAaQBuAHQAbwBzAGgAIABIAEQAEgBUVXNlcnMvY2hyaXMvRHJvcGJveC9pY2VsYW5kL2hpL3Jlc2VhcmNoL2xpdGVyYXR1cmUvdHV0b3Jfd2ViL3N0ZWZhbnNzb24yMDA0dHV0b3IucGRmABMAAS8AABUAAgAM//8AAIAG0hscHR5aJGNsYXNzbmFtZVgkY2xhc3Nlc11OU011dGFibGVEYXRhox0fIFZOU0RhdGFYTlNPYmplY3TSGxwiI1xOU0RpY3Rpb25hcnmiIiBfEA9OU0tleWVkQXJjaGl2ZXLRJidUcm9vdIABAAgAEQAaACMALQAyADcAQABGAE0AVQBgAGcAagBsAG4AcQBzAHUAdwCEAI4AtQC6AMICzgLQAtUC4ALpAvcC+wMCAwsDEAMdAyADMgM1AzoAAAAAAAACAQAAAAAAAAAoAAAAAAAAAAAAAAAAAAADPA==}}

% ============================ %
% ECOLOGICAL MODELING, GENERAL %
% ============================ %

@article{hilborn2004marres,
	Author = {Hilborn, Ray and Stokes, Kevin and Maguire, Jean-Jacques and Smith, Tony and Botsford, Louis W and Mangel, Marc and Orensanz, Jos{\'e} and Parma, Ana and Rice, Jake and Bell, Johann and others},
	Date-Modified = {2013-09-04 20:06:38 +0000},
	Doi = {10.1016/j.ocecoaman.2004.04.001},
	Journal = {Ocean \& Coastal Management},
	Keywords = {marine reserves},
	Number = {3},
	Pages = {197--205},
	Publisher = {Elsevier},
	Title = {When can marine reserves improve fisheries management?},
	Volume = {47},
	Year = {2004},
	Bdsk-File-1 = {YnBsaXN0MDDUAQIDBAUGJCVYJHZlcnNpb25YJG9iamVjdHNZJGFyY2hpdmVyVCR0b3ASAAGGoKgHCBMUFRYaIVUkbnVsbNMJCgsMDxJXTlMua2V5c1pOUy5vYmplY3RzViRjbGFzc6INDoACgAOiEBGABIAFgAdccmVsYXRpdmVQYXRoWWFsaWFzRGF0YV8QFWhpbGJvcm4yMDA0bWFycmVzLnBkZtIXCxgZV05TLmRhdGFPEQIaAAAAAAIaAAIAAAxNYWNpbnRvc2ggSEQAAAAAAAAAAAAAAAAAAADNZQraSCsAAABIYtkVaGlsYm9ybjIwMDRtYXJyZXMucGRmAAAAAAAAAAAAAAAAAAAAAAAAAAAAAAAAAAAAAAAAAAAAAAAAAAAAAAAAAAZFxc3fktUAAAAAAAAAAAABAAIAAAkgAAAAAAAAAAAAAAAAAAAAEmZpc2hlcmllc19tb2RlbGluZwAQAAgAAM1lCtoAAAARAAgAAM3fktUAAAABACAASGLZAAZFwAAGRb0ABkWzAAZFpAAF01YABcQBAAIQ6QACAHBNYWNpbnRvc2ggSEQ6VXNlcnM6AGNocmlzOgBEcm9wYm94OgBpY2VsYW5kOgBoaToAcmVzZWFyY2g6AGxpdGVyYXR1cmU6AGZpc2hlcmllc19tb2RlbGluZzoAaGlsYm9ybjIwMDRtYXJyZXMucGRmAA4ALAAVAGgAaQBsAGIAbwByAG4AMgAwADAANABtAGEAcgByAGUAcwAuAHAAZABmAA8AGgAMAE0AYQBjAGkAbgB0AG8AcwBoACAASABEABIAW1VzZXJzL2NocmlzL0Ryb3Bib3gvaWNlbGFuZC9oaS9yZXNlYXJjaC9saXRlcmF0dXJlL2Zpc2hlcmllc19tb2RlbGluZy9oaWxib3JuMjAwNG1hcnJlcy5wZGYAABMAAS8AABUAAgAM//8AAIAG0hscHR5aJGNsYXNzbmFtZVgkY2xhc3Nlc11OU011dGFibGVEYXRhox0fIFZOU0RhdGFYTlNPYmplY3TSGxwiI1xOU0RpY3Rpb25hcnmiIiBfEA9OU0tleWVkQXJjaGl2ZXLRJidUcm9vdIABAAgAEQAaACMALQAyADcAQABGAE0AVQBgAGcAagBsAG4AcQBzAHUAdwCEAI4ApgCrALMC0QLTAtgC4wLsAvoC/gMFAw4DEwMgAyMDNQM4Az0AAAAAAAACAQAAAAAAAAAoAAAAAAAAAAAAAAAAAAADPw==}}

@article{stefansson1996analysis,
	Author = {Stef{\'a}nsson, Gunnar},
	Date-Modified = {2013-09-04 20:03:30 +0000},
	Journal = {ICES Journal of Marine Science: Journal du Conseil},
	Keywords = {generalized linear models, marine surveys},
	Number = {3},
	Pages = {577--588},
	Publisher = {Oxford University Press},
	Title = {Analysis of groundfish survey abundance data: combining the GLM and delta approaches},
	Volume = {53},
	Year = {1996},
	Bdsk-File-1 = {YnBsaXN0MDDUAQIDBAUGJCVYJHZlcnNpb25YJG9iamVjdHNZJGFyY2hpdmVyVCR0b3ASAAGGoKgHCBMUFRYaIVUkbnVsbNMJCgsMDxJXTlMua2V5c1pOUy5vYmplY3RzViRjbGFzc6INDoACgAOiEBGABIAFgAdccmVsYXRpdmVQYXRoWWFsaWFzRGF0YV8QGnN0ZWZhbnNzb24xOTk2YW5hbHlzaXMucGRm0hcLGBlXTlMuZGF0YU8RAi4AAAAAAi4AAgAADE1hY2ludG9zaCBIRAAAAAAAAAAAAAAAAAAAAM1lCtpIKwAAAEhi2RpzdGVmYW5zc29uMTk5NmFuYWx5c2lzLnBkZgAAAAAAAAAAAAAAAAAAAAAAAAAAAAAAAAAAAAAAAAAAAAAAAAAABkXGzfpDNgAAAAAAAAAAAAEAAgAACSAAAAAAAAAAAAAAAAAAAAASZmlzaGVyaWVzX21vZGVsaW5nABAACAAAzWUK2gAAABEACAAAzfpDNgAAAAEAIABIYtkABkXAAAZFvQAGRbMABkWkAAXTVgAFxAEAAhDpAAIAdU1hY2ludG9zaCBIRDpVc2VyczoAY2hyaXM6AERyb3Bib3g6AGljZWxhbmQ6AGhpOgByZXNlYXJjaDoAbGl0ZXJhdHVyZToAZmlzaGVyaWVzX21vZGVsaW5nOgBzdGVmYW5zc29uMTk5NmFuYWx5c2lzLnBkZgAADgA2ABoAcwB0AGUAZgBhAG4AcwBzAG8AbgAxADkAOQA2AGEAbgBhAGwAeQBzAGkAcwAuAHAAZABmAA8AGgAMAE0AYQBjAGkAbgB0AG8AcwBoACAASABEABIAYFVzZXJzL2NocmlzL0Ryb3Bib3gvaWNlbGFuZC9oaS9yZXNlYXJjaC9saXRlcmF0dXJlL2Zpc2hlcmllc19tb2RlbGluZy9zdGVmYW5zc29uMTk5NmFuYWx5c2lzLnBkZgATAAEvAAAVAAIADP//AACABtIbHB0eWiRjbGFzc25hbWVYJGNsYXNzZXNdTlNNdXRhYmxlRGF0YaMdHyBWTlNEYXRhWE5TT2JqZWN00hscIiNcTlNEaWN0aW9uYXJ5oiIgXxAPTlNLZXllZEFyY2hpdmVy0SYnVHJvb3SAAQAIABEAGgAjAC0AMgA3AEAARgBNAFUAYABnAGoAbABuAHEAcwB1AHcAhACOAKsAsAC4AuoC7ALxAvwDBQMTAxcDHgMnAywDOQM8A04DUQNWAAAAAAAAAgEAAAAAAAAAKAAAAAAAAAAAAAAAAAAAA1g=}}


@article{stefansson1998points,
	Author = {Stef\'{a}nsson, Gunnar and P\'{a}lsson, \'{O}lafur K},
	Date-Modified = {2013-10-01 19:20:20 +0000},
	Journal = {Reviews in Fish Biology and Fisheries},
	Keywords = {multispecies modelling, fisheries, Arcto-boreal ecosystem},
	Number = {1},
	Pages = {101--104},
	Publisher = {Springer},
	Read = {1},
	Title = {Points of view: A framework for multispecies modelling of Arcto-boreal systems},
	Volume = {8},
	Year = {1998},
	Bdsk-File-1 = {YnBsaXN0MDDUAQIDBAUGJCVYJHZlcnNpb25YJG9iamVjdHNZJGFyY2hpdmVyVCR0b3ASAAGGoKgHCBMUFRYaIVUkbnVsbNMJCgsMDxJXTlMua2V5c1pOUy5vYmplY3RzViRjbGFzc6INDoACgAOiEBGABIAFgAdccmVsYXRpdmVQYXRoWWFsaWFzRGF0YV8QEXN0ZWZhbnNzb245OGEucGRm0hcLGBlXTlMuZGF0YU8RAgoAAAAAAgoAAgAADE1hY2ludG9zaCBIRAAAAAAAAAAAAAAAAAAAAM1lCtpIKwAAAEhi2RFzdGVmYW5zc29uOThhLnBkZgAAAAAAAAAAAAAAAAAAAAAAAAAAAAAAAAAAAAAAAAAAAAAAAAAAAAAAAAAAAAAABkXIzepwKwAAAAAAAAAAAAEAAgAACSAAAAAAAAAAAAAAAAAAAAASZmlzaGVyaWVzX21vZGVsaW5nABAACAAAzWUK2gAAABEACAAAzepwKwAAAAEAIABIYtkABkXAAAZFvQAGRbMABkWkAAXTVgAFxAEAAhDpAAIAbE1hY2ludG9zaCBIRDpVc2VyczoAY2hyaXM6AERyb3Bib3g6AGljZWxhbmQ6AGhpOgByZXNlYXJjaDoAbGl0ZXJhdHVyZToAZmlzaGVyaWVzX21vZGVsaW5nOgBzdGVmYW5zc29uOThhLnBkZgAOACQAEQBzAHQAZQBmAGEAbgBzAHMAbwBuADkAOABhAC4AcABkAGYADwAaAAwATQBhAGMAaQBuAHQAbwBzAGgAIABIAEQAEgBXVXNlcnMvY2hyaXMvRHJvcGJveC9pY2VsYW5kL2hpL3Jlc2VhcmNoL2xpdGVyYXR1cmUvZmlzaGVyaWVzX21vZGVsaW5nL3N0ZWZhbnNzb245OGEucGRmAAATAAEvAAAVAAIADP//AACABtIbHB0eWiRjbGFzc25hbWVYJGNsYXNzZXNdTlNNdXRhYmxlRGF0YaMdHyBWTlNEYXRhWE5TT2JqZWN00hscIiNcTlNEaWN0aW9uYXJ5oiIgXxAPTlNLZXllZEFyY2hpdmVy0SYnVHJvb3SAAQAIABEAGgAjAC0AMgA3AEAARgBNAFUAYABnAGoAbABuAHEAcwB1AHcAhACOAKIApwCvAr0CvwLEAs8C2ALmAuoC8QL6Av8DDAMPAyEDJAMpAAAAAAAAAgEAAAAAAAAAKAAAAAAAAAAAAAAAAAAAAys=}}

% ================= %
% GADGET REFERENCES %
% ================= %

@article{begley2004overview,
	Author = {Begley, James and Howell, Daniel},
	Date-Modified = {2013-09-04 20:03:14 +0000},
	Journal = {ICES CM},
	Keywords = {Gadget, ecosystem modeling},
	Pages = {1--15},
	Title = {An overview of Gadget, the globally applicable area-disaggregated general ecosystem toolbox},
	Volume = {2004},
	Year = {2004},
	Bdsk-File-1 = {YnBsaXN0MDDUAQIDBAUGJCVYJHZlcnNpb25YJG9iamVjdHNZJGFyY2hpdmVyVCR0b3ASAAGGoKgHCBMUFRYaIVUkbnVsbNMJCgsMDxJXTlMua2V5c1pOUy5vYmplY3RzViRjbGFzc6INDoACgAOiEBGABIAFgAdccmVsYXRpdmVQYXRoWWFsaWFzRGF0YV1iZWdsZXkwNGEucGRm0hcLGBlXTlMuZGF0YU8RAfoAAAAAAfoAAgAADE1hY2ludG9zaCBIRAAAAAAAAAAAAAAAAAAAAM1lCtpIKwAAAEhi2Q1iZWdsZXkwNGEucGRmAAAAAAAAAAAAAAAAAAAAAAAAAAAAAAAAAAAAAAAAAAAAAAAAAAAAAAAAAAAAAAAAAAAABkXBzep3nwAAAAAAAAAAAAEAAgAACSAAAAAAAAAAAAAAAAAAAAASZmlzaGVyaWVzX21vZGVsaW5nABAACAAAzWUK2gAAABEACAAAzep3nwAAAAEAIABIYtkABkXAAAZFvQAGRbMABkWkAAXTVgAFxAEAAhDpAAIAaE1hY2ludG9zaCBIRDpVc2VyczoAY2hyaXM6AERyb3Bib3g6AGljZWxhbmQ6AGhpOgByZXNlYXJjaDoAbGl0ZXJhdHVyZToAZmlzaGVyaWVzX21vZGVsaW5nOgBiZWdsZXkwNGEucGRmAA4AHAANAGIAZQBnAGwAZQB5ADAANABhAC4AcABkAGYADwAaAAwATQBhAGMAaQBuAHQAbwBzAGgAIABIAEQAEgBTVXNlcnMvY2hyaXMvRHJvcGJveC9pY2VsYW5kL2hpL3Jlc2VhcmNoL2xpdGVyYXR1cmUvZmlzaGVyaWVzX21vZGVsaW5nL2JlZ2xleTA0YS5wZGYAABMAAS8AABUAAgAM//8AAIAG0hscHR5aJGNsYXNzbmFtZVgkY2xhc3Nlc11OU011dGFibGVEYXRhox0fIFZOU0RhdGFYTlNPYmplY3TSGxwiI1xOU0RpY3Rpb25hcnmiIiBfEA9OU0tleWVkQXJjaGl2ZXLRJidUcm9vdIABAAgAEQAaACMALQAyADcAQABGAE0AVQBgAGcAagBsAG4AcQBzAHUAdwCEAI4AnAChAKkCpwKpAq4CuQLCAtAC1ALbAuQC6QL2AvkDCwMOAxMAAAAAAAACAQAAAAAAAAAoAAAAAAAAAAAAAAAAAAADFQ==}}

@article{taylor2007simple,
	Author = {Taylor, L and Begley, J and Kupca, V and Stef\'{a}nsson, G},
	Date-Modified = {2013-09-04 20:02:46 +0000},
	Doi = {0.2989/AJMS.2007.29.2.7.190},
	Journal = {African Journal of Marine Science},
	Keywords = {cod, Gadget, maximum likelihood, statistical multispecies model},
	Number = {2},
	Pages = {223--245},
	Publisher = {Taylor \& Francis},
	Title = {A simple implementation of the statistical modelling framework Gadget for cod in Icelandic waters},
	Volume = {29},
	Year = {2007},
	Bdsk-File-1 = {YnBsaXN0MDDUAQIDBAUGJCVYJHZlcnNpb25YJG9iamVjdHNZJGFyY2hpdmVyVCR0b3ASAAGGoKgHCBMUFRYaIVUkbnVsbNMJCgsMDxJXTlMua2V5c1pOUy5vYmplY3RzViRjbGFzc6INDoACgAOiEBGABIAFgAdccmVsYXRpdmVQYXRoWWFsaWFzRGF0YVx0YXlsb3IwNy5wZGbSFwsYGVdOUy5kYXRhTxEB9gAAAAAB9gACAAAMTWFjaW50b3NoIEhEAAAAAAAAAAAAAAAAAAAAzWUK2kgrAAAASGLZDHRheWxvcjA3LnBkZgAAAAAAAAAAAAAAAAAAAAAAAAAAAAAAAAAAAAAAAAAAAAAAAAAAAAAAAAAAAAAAAAAAAAAGRcnN96eDAAAAAAAAAAAAAQACAAAJIAAAAAAAAAAAAAAAAAAAABJmaXNoZXJpZXNfbW9kZWxpbmcAEAAIAADNZQraAAAAEQAIAADN96eDAAAAAQAgAEhi2QAGRcAABkW9AAZFswAGRaQABdNWAAXEAQACEOkAAgBnTWFjaW50b3NoIEhEOlVzZXJzOgBjaHJpczoARHJvcGJveDoAaWNlbGFuZDoAaGk6AHJlc2VhcmNoOgBsaXRlcmF0dXJlOgBmaXNoZXJpZXNfbW9kZWxpbmc6AHRheWxvcjA3LnBkZgAADgAaAAwAdABhAHkAbABvAHIAMAA3AC4AcABkAGYADwAaAAwATQBhAGMAaQBuAHQAbwBzAGgAIABIAEQAEgBSVXNlcnMvY2hyaXMvRHJvcGJveC9pY2VsYW5kL2hpL3Jlc2VhcmNoL2xpdGVyYXR1cmUvZmlzaGVyaWVzX21vZGVsaW5nL3RheWxvcjA3LnBkZgATAAEvAAAVAAIADP//AACABtIbHB0eWiRjbGFzc25hbWVYJGNsYXNzZXNdTlNNdXRhYmxlRGF0YaMdHyBWTlNEYXRhWE5TT2JqZWN00hscIiNcTlNEaWN0aW9uYXJ5oiIgXxAPTlNLZXllZEFyY2hpdmVy0SYnVHJvb3SAAQAIABEAGgAjAC0AMgA3AEAARgBNAFUAYABnAGoAbABuAHEAcwB1AHcAhACOAJsAoACoAqICpAKpArQCvQLLAs8C1gLfAuQC8QL0AwYDCQMOAAAAAAAAAgEAAAAAAAAAKAAAAAAAAAAAAAAAAAAAAxA=}}

% =================== %
% ATLANTIS REFERENCES %
% =================== %

@article{fulton2003effect,
  title={Effect of complexity on marine ecosystem models},
  author={Fulton, Elizabeth A and Smith, Anthony DM and Johnson, Craig R},
  Journal = {Marine Ecology Progress Series},
  Volume = {253},
  Pages = {1 -- 16},
  year={2003}
}

@techreport{dst2,
	author = "Anonymous",
	title = "Development of structurally detailed statistically testable models of marine populations",
	institution = "Marine Research Institute",
	year = "2004",
	number = "Fj{\"o}lrit nr. 119",
}

@article{fulton2010approaches,
	Author = {Fulton, Elizabeth A},
	Date-Modified = {2013-09-04 20:04:39 +0000},
	Doi = {10.1016/j.jmarsys.2009.12.012},
	Journal = {Journal of Marine Systems},
	Keywords = {end-to-end models, ecosystem models, marine models},
	Number = {1},
	Pages = {171--183},
	Publisher = {Elsevier},
	Title = {Approaches to end-to-end ecosystem models},
	Volume = {81},
	Year = {2010},
	Bdsk-File-1 = {YnBsaXN0MDDUAQIDBAUGJCVYJHZlcnNpb25YJG9iamVjdHNZJGFyY2hpdmVyVCR0b3ASAAGGoKgHCBMUFRYaIVUkbnVsbNMJCgsMDxJXTlMua2V5c1pOUy5vYmplY3RzViRjbGFzc6INDoACgAOiEBGABIAFgAdccmVsYXRpdmVQYXRoWWFsaWFzRGF0YV8QGGZ1bHRvbjIwMTBhcHByb2FjaGVzLnBkZtIXCxgZV05TLmRhdGFPEQImAAAAAAImAAIAAAxNYWNpbnRvc2ggSEQAAAAAAAAAAAAAAAAAAADNZQraSCsAAABIYtkYZnVsdG9uMjAxMGFwcHJvYWNoZXMucGRmAAAAAAAAAAAAAAAAAAAAAAAAAAAAAAAAAAAAAAAAAAAAAAAAAAAAABUT4c5NQb8AAAAAAAAAAAABAAIAAAkgAAAAAAAAAAAAAAAAAAAAEmZpc2hlcmllc19tb2RlbGluZwAQAAgAAM1lCtoAAAARAAgAAM5NQb8AAAABACAASGLZAAZFwAAGRb0ABkWzAAZFpAAF01YABcQBAAIQ6QACAHNNYWNpbnRvc2ggSEQ6VXNlcnM6AGNocmlzOgBEcm9wYm94OgBpY2VsYW5kOgBoaToAcmVzZWFyY2g6AGxpdGVyYXR1cmU6AGZpc2hlcmllc19tb2RlbGluZzoAZnVsdG9uMjAxMGFwcHJvYWNoZXMucGRmAAAOADIAGABmAHUAbAB0AG8AbgAyADAAMQAwAGEAcABwAHIAbwBhAGMAaABlAHMALgBwAGQAZgAPABoADABNAGEAYwBpAG4AdABvAHMAaAAgAEgARAASAF5Vc2Vycy9jaHJpcy9Ecm9wYm94L2ljZWxhbmQvaGkvcmVzZWFyY2gvbGl0ZXJhdHVyZS9maXNoZXJpZXNfbW9kZWxpbmcvZnVsdG9uMjAxMGFwcHJvYWNoZXMucGRmABMAAS8AABUAAgAM//8AAIAG0hscHR5aJGNsYXNzbmFtZVgkY2xhc3Nlc11OU011dGFibGVEYXRhox0fIFZOU0RhdGFYTlNPYmplY3TSGxwiI1xOU0RpY3Rpb25hcnmiIiBfEA9OU0tleWVkQXJjaGl2ZXLRJidUcm9vdIABAAgAEQAaACMALQAyADcAQABGAE0AVQBgAGcAagBsAG4AcQBzAHUAdwCEAI4AqQCuALYC4ALiAucC8gL7AwkDDQMUAx0DIgMvAzIDRANHA0wAAAAAAAACAQAAAAAAAAAoAAAAAAAAAAAAAAAAAAADTg==}}

@article{fulton2005ecological,
	Author = {Fulton, Elizabeth A and Smith, Anthony DM and Punt, Andr{\'e} E},
	Date-Modified = {2013-09-04 20:07:22 +0000},
	Doi = {10.1016/j.icesjms.2004.12.012},
	Journal = {ICES Journal of Marine Science: Journal du Conseil},
	Keywords = {Atlantis, ecosystem, fishery management, fishing effects, indicators, metrics, simulation},
	Number = {3},
	Pages = {540--551},
	Publisher = {Oxford University Press},
	Title = {Which ecological indicators can robustly detect effects of fishing?},
	Volume = {62},
	Year = {2005},
	Bdsk-File-1 = {YnBsaXN0MDDUAQIDBAUGJCVYJHZlcnNpb25YJG9iamVjdHNZJGFyY2hpdmVyVCR0b3ASAAGGoKgHCBMUFRYaIVUkbnVsbNMJCgsMDxJXTlMua2V5c1pOUy5vYmplY3RzViRjbGFzc6INDoACgAOiEBGABIAFgAdccmVsYXRpdmVQYXRoWWFsaWFzRGF0YV8QGGZ1bHRvbjIwMDVlY29sb2dpY2FsLnBkZtIXCxgZV05TLmRhdGFPEQImAAAAAAImAAIAAAxNYWNpbnRvc2ggSEQAAAAAAAAAAAAAAAAAAADNZQraSCsAAABIYtkYZnVsdG9uMjAwNWVjb2xvZ2ljYWwucGRmAAAAAAAAAAAAAAAAAAAAAAAAAAAAAAAAAAAAAAAAAAAAAAAAAAAAACyV2s5s0TRQREYgAAAAAAABAAIAAAkgAAAAAAAAAAAAAAAAAAAAEmZpc2hlcmllc19tb2RlbGluZwAQAAgAAM1lCtoAAAARAAgAAM5s0TQAAAABACAASGLZAAZFwAAGRb0ABkWzAAZFpAAF01YABcQBAAIQ6QACAHNNYWNpbnRvc2ggSEQ6VXNlcnM6AGNocmlzOgBEcm9wYm94OgBpY2VsYW5kOgBoaToAcmVzZWFyY2g6AGxpdGVyYXR1cmU6AGZpc2hlcmllc19tb2RlbGluZzoAZnVsdG9uMjAwNWVjb2xvZ2ljYWwucGRmAAAOADIAGABmAHUAbAB0AG8AbgAyADAAMAA1AGUAYwBvAGwAbwBnAGkAYwBhAGwALgBwAGQAZgAPABoADABNAGEAYwBpAG4AdABvAHMAaAAgAEgARAASAF5Vc2Vycy9jaHJpcy9Ecm9wYm94L2ljZWxhbmQvaGkvcmVzZWFyY2gvbGl0ZXJhdHVyZS9maXNoZXJpZXNfbW9kZWxpbmcvZnVsdG9uMjAwNWVjb2xvZ2ljYWwucGRmABMAAS8AABUAAgAM//8AAIAG0hscHR5aJGNsYXNzbmFtZVgkY2xhc3Nlc11OU011dGFibGVEYXRhox0fIFZOU0RhdGFYTlNPYmplY3TSGxwiI1xOU0RpY3Rpb25hcnmiIiBfEA9OU0tleWVkQXJjaGl2ZXLRJidUcm9vdIABAAgAEQAaACMALQAyADcAQABGAE0AVQBgAGcAagBsAG4AcQBzAHUAdwCEAI4AqQCuALYC4ALiAucC8gL7AwkDDQMUAx0DIgMvAzIDRANHA0wAAAAAAAACAQAAAAAAAAAoAAAAAAAAAAAAAAAAAAADTg==}}

@article{fulton2011lessons,
	Author = {Fulton, Elizabeth A and Link, Jason S and Kaplan, Isaac C and Savina-Rolland, Marie and Johnson, Penelope and Ainsworth, Cameron and Horne, Peter and Gorton, Rebecca and Gamble, Robert J and Smith, Anthony DM and others},
	Date-Modified = {2013-10-01 19:19:41 +0000},
	Doi = {10.1111/j.1467-2979.2011.00412.x},
	Journal = {Fish and fisheries},
	Keywords = {Atlantis, ecosystem modelling, ecosystem-based management, exploited marine ecosystems},
	Number = {2},
	Pages = {171--188},
	Publisher = {Wiley Online Library},
	Read = {1},
	Title = {Lessons in modelling and management of marine ecosystems: the Atlantis experience},
	Volume = {12},
	Year = {2011},
	Bdsk-File-1 = {YnBsaXN0MDDUAQIDBAUGJCVYJHZlcnNpb25YJG9iamVjdHNZJGFyY2hpdmVyVCR0b3ASAAGGoKgHCBMUFRYaIVUkbnVsbNMJCgsMDxJXTlMua2V5c1pOUy5vYmplY3RzViRjbGFzc6INDoACgAOiEBGABIAFgAdccmVsYXRpdmVQYXRoWWFsaWFzRGF0YV8QFWZ1bHRvbjIwMTFsZXNzb25zLnBkZtIXCxgZV05TLmRhdGFPEQIaAAAAAAIaAAIAAAxNYWNpbnRvc2ggSEQAAAAAAAAAAAAAAAAAAADNZQraSCsAAABIYtkVZnVsdG9uMjAxMWxlc3NvbnMucGRmAAAAAAAAAAAAAAAAAAAAAAAAAAAAAAAAAAAAAAAAAAAAAAAAAAAAAAAAACx2Xc3fodhQREYgAAAAAAABAAIAAAkgAAAAAAAAAAAAAAAAAAAAEmZpc2hlcmllc19tb2RlbGluZwAQAAgAAM1lCtoAAAARAAgAAM3fodgAAAABACAASGLZAAZFwAAGRb0ABkWzAAZFpAAF01YABcQBAAIQ6QACAHBNYWNpbnRvc2ggSEQ6VXNlcnM6AGNocmlzOgBEcm9wYm94OgBpY2VsYW5kOgBoaToAcmVzZWFyY2g6AGxpdGVyYXR1cmU6AGZpc2hlcmllc19tb2RlbGluZzoAZnVsdG9uMjAxMWxlc3NvbnMucGRmAA4ALAAVAGYAdQBsAHQAbwBuADIAMAAxADEAbABlAHMAcwBvAG4AcwAuAHAAZABmAA8AGgAMAE0AYQBjAGkAbgB0AG8AcwBoACAASABEABIAW1VzZXJzL2NocmlzL0Ryb3Bib3gvaWNlbGFuZC9oaS9yZXNlYXJjaC9saXRlcmF0dXJlL2Zpc2hlcmllc19tb2RlbGluZy9mdWx0b24yMDExbGVzc29ucy5wZGYAABMAAS8AABUAAgAM//8AAIAG0hscHR5aJGNsYXNzbmFtZVgkY2xhc3Nlc11OU011dGFibGVEYXRhox0fIFZOU0RhdGFYTlNPYmplY3TSGxwiI1xOU0RpY3Rpb25hcnmiIiBfEA9OU0tleWVkQXJjaGl2ZXLRJidUcm9vdIABAAgAEQAaACMALQAyADcAQABGAE0AVQBgAGcAagBsAG4AcQBzAHUAdwCEAI4ApgCrALMC0QLTAtgC4wLsAvoC/gMFAw4DEwMgAyMDNQM4Az0AAAAAAAACAQAAAAAAAAAoAAAAAAAAAAAAAAAAAAADPw==}}

@misc{savina2008ecologically,
  title={Ecologically sustainable development of the regional marine and estuarine resources of NSW: Modelling of the NSW continental shelf ecosystem},
  author={Savina, M and Fulton, E and Condie, S and Forrest, RE and Scandol, JP and Astles, K},
  year={2008},
  publisher={CSIRO and NSW DPI Report}
}

@article{link2010northeast,
  title={The northeast US application of ATLANTIS: a full system model exploring marine ecosystem dynamics in a living marine resource management context},
  author={Link, Jason S and Fulton, Elizabeth A and Gamble, Robert J},
  journal={Progress in Oceanography},
  volume={87},
  number={1},
  pages={214--234},
  year={2010},
  publisher={Elsevier}
}

@article{sainte2010fishing,
  title={Fishing catch shares in the face of global change: a framework for integrating cumulative impacts and single species management},
  author={Sainte-Marie, Bernard and Kaplan, Isaac C and Levin, Phillip S and Burden, Merrick and Fulton, Elizabeth A},
  journal={Canadian Journal of Fisheries and Aquatic Sciences},
  volume={67},
  number={12},
  pages={1968--1982},
  year={2010},
  publisher={NRC Research Press}
}

@article{fulton2011human,
  title={Human behaviour: the key source of uncertainty in fisheries management},
  author={Fulton, Elizabeth A and Smith, Anthony DM and Smith, David C and van Putten, Ingrid E},
  journal={Fish and Fisheries},
  volume={12},
  number={1},
  pages={2--17},
  year={2011},
  publisher={Wiley Online Library}
}

@misc{fulton2007alternative,
  title={Alternative management strategies for southeast Australian commonwealth fisheries: stage 2: quantitative management strategy evaluation},
  author={Fulton, EA and Smith, ADM and Smith, DC},
  year={2007},
  publisher={Commonwealth Scientific and Industrial Research Organisation (CSIRO)}
}

@book{bormicon,
	title = "BORMICON: A Boreal Migration and Consumption model",
	editor = "Gunnar Stef\'{a}nsson and \'{O}lafur K. P\'{a}lsson",
	publisher = "Marine Research Institute",
	year = "1997"
}

@online{proj4iceland,
author = {Howard Butler and Christopher Schmidt and Dane Springmeyer and Josh Livni},
title = {Spatial {R}eference},
month = "March",
year = {2014},
url = {http://spatialreference.org/ref/epsg/3057/proj4/}
}

@article{astthorsson2007climate,
  title={Climate variability and the Icelandic marine ecosystem},
  author={Astthorsson, Olafur S and Gislason, Astthor and Jonsson, Steingrimur},
  journal={Deep Sea Research Part II: Topical Studies in Oceanography},
  volume={54},
  number={23},
  pages={2456--2477},
  year={2007},
  publisher={Elsevier}
}


% ============== %
% EwE REFERENCES %
% ============== %
	
@book{megrey2009computers,
	Author = {Megrey, Bernard A and Moksness, Erlend},
	Date-Added = {2013-10-03 15:50:24 +0000},
	Date-Modified = {2013-10-03 15:52:32 +0000},
	Keywords = {Ecosim, Ecopath, Ecospace, Computing},
	Publisher = {Springer},
	Title = {Computers in fisheries research},
	Year = {2009},
	Bdsk-File-1 = {YnBsaXN0MDDUAQIDBAUGJCVYJHZlcnNpb25YJG9iamVjdHNZJGFyY2hpdmVyVCR0b3ASAAGGoKgHCBMUFRYaIVUkbnVsbNMJCgsMDxJXTlMua2V5c1pOUy5vYmplY3RzViRjbGFzc6INDoACgAOiEBGABIAFgAdccmVsYXRpdmVQYXRoWWFsaWFzRGF0YV8QG2NvbXB1dGVyc19maXNoX3Jlc2VhcmNoLnBkZtIXCxgZV05TLmRhdGFPEQIyAAAAAAIyAAIAAAxNYWNpbnRvc2ggSEQAAAAAAAAAAAAAAAAAAADNZQraSCsAAABIYtkbY29tcHV0ZXJzX2Zpc2hfcmVzZWFyY2gucGRmAAAAAAAAAAAAAAAAAAAAAAAAAAAAAAAAAAAAAAAAAAAAAAAAAC4ttM4xReVQREYgAAAAAAABAAIAAAkgAAAAAAAAAAAAAAAAAAAAEmZpc2hlcmllc19tb2RlbGluZwAQAAgAAM1lCtoAAAARAAgAAM4xReUAAAABACAASGLZAAZFwAAGRb0ABkWzAAZFpAAF01YABcQBAAIQ6QACAHZNYWNpbnRvc2ggSEQ6VXNlcnM6AGNocmlzOgBEcm9wYm94OgBpY2VsYW5kOgBoaToAcmVzZWFyY2g6AGxpdGVyYXR1cmU6AGZpc2hlcmllc19tb2RlbGluZzoAY29tcHV0ZXJzX2Zpc2hfcmVzZWFyY2gucGRmAA4AOAAbAGMAbwBtAHAAdQB0AGUAcgBzAF8AZgBpAHMAaABfAHIAZQBzAGUAYQByAGMAaAAuAHAAZABmAA8AGgAMAE0AYQBjAGkAbgB0AG8AcwBoACAASABEABIAYVVzZXJzL2NocmlzL0Ryb3Bib3gvaWNlbGFuZC9oaS9yZXNlYXJjaC9saXRlcmF0dXJlL2Zpc2hlcmllc19tb2RlbGluZy9jb21wdXRlcnNfZmlzaF9yZXNlYXJjaC5wZGYAABMAAS8AABUAAgAM//8AAIAG0hscHR5aJGNsYXNzbmFtZVgkY2xhc3Nlc11OU011dGFibGVEYXRhox0fIFZOU0RhdGFYTlNPYmplY3TSGxwiI1xOU0RpY3Rpb25hcnmiIiBfEA9OU0tleWVkQXJjaGl2ZXLRJidUcm9vdIABAAgAEQAaACMALQAyADcAQABGAE0AVQBgAGcAagBsAG4AcQBzAHUAdwCEAI4ArACxALkC7wLxAvYDAQMKAxgDHAMjAywDMQM+A0EDUwNWA1sAAAAAAAACAQAAAAAAAAAoAAAAAAAAAAAAAAAAAAADXQ==}}
		
@article{link2010northeast,
  title={The northeast US application of ATLANTIS: a full system model exploring marine ecosystem dynamics in a living marine resource management context},
  author={Link, Jason S and Fulton, Elizabeth A and Gamble, Robert J},
  journal={Progress in Oceanography},
  volume={87},
  number={1},
  pages={214--234},
  year={2010},
  publisher={Elsevier}
}


@article{gislason2012abundance,
  title={Abundance, composition, and development of zooplankton in the Subarctic Iceland Sea in 2006, 2007, and 2008},
  author={Gislason, Astthor and Silva, Teresa},
  journal={ICES Journal of Marine Science},
  volume={69},
  number={7},
  pages={1263--1276},
  year={2012},
  publisher={Oxford University Press}
}

@article{rose2005capelin,
  title={Capelin (Mallotus villosus) distribution and climate: a sea “canary” for marine ecosystem change},
  author={Rose, GA},
  journal={ICES Journal of Marine Science},
  volume={62},
  number={7},
  pages={1524--1530},
  year={2005},
  publisher={Oxford University Press}
}

@article{delgado2009distribution,
  title={Distribution and abundance of meiofauna in intertidal sand substrata around Iceland},
  author={Delgado, Juan D and Riera, Rodrigo and Monterroso, Oscar and N{\'u}{\~n}ez, Jorge},
  journal={Aquatic ecology},
  volume={43},
  number={2},
  pages={221--233},
  year={2009},
  publisher={Springer}
}

@article{boettiger2012rfishbase,
  title={rfishbase: exploring, manipulating and visualizing FishBase data from R},
  author={Boettiger, C and Lang, DT and Wainwright, PC},
  journal={Journal of fish biology},
  volume={81},
  number={6},
  pages={2030--2039},
  year={2012},
  publisher={Wiley Online Library}
}

@online{is_fish,
title = {Icelandic Ministry of Fisheries and Agriculture},
author = {Anonymous},
month = "March",
year = {2014},
url = {http://www.fisheries.is/}
}

@online{fishdb,
title = {FishBase},
editor = {Froese, R and Pauly, D},
month = "March",
year = {2014. version (02/2014)},
url = {www.fishbase.org}
}
